@misc{nat64,
  author="P. Satrapa",
  title="{Vyšla definice NAT64}",
  note="Vytvořeno 5.\,5.\,2011. Dostupné online http://www.lupa.cz/clanky/vysla-definice-nat64/"
}

@book{satrapa,
  author="P. Satrapa",
  title="IPv6, kapitola 12",
  publisher="CZ.NIC, z.s.p.o.",
  year="Praha 2008",
  note="ISBN 978-80-904248-0-7., Dostupná online http://knihy.nic.cz/files/nic/edice/pavel\_satrapa\_ipv6\_2008.pdf"
}

@misc{6rd,
  author="P. Satrapa",
  title="6rd – nový koncept nasazení IPv6",
  note="Vytvořeno 4.2.2010. Dostupné online http://www.lupa.cz/clanky/6rdnbspndash-novy-koncept-nasazeni-ipv6/"
}

@misc{bsdhandbook,
  author="{The FreeBSD Documentation Project}",
  title="FreeBSD Handbook",
  note="kapitola 30. Dostupné online http://www.freebsd.org/doc/en\_US.ISO8859-1/books/handbook/firewalls.html"
}

@book{ccnpipsec,
  author="B. Morgan and N. Lovering",
  title="CCNP ISCW Official Exam Certification Guide, kapitola 12--13",
  publisher="Cisco Press",
  year="Indianapolis, IN, USA, 2008",
  note="ISBN 978-1-58720-150-9"
}

@misc{securing_ntp,
  author={ciilf},
  title = {Securing Network Time},
  note = {\url{https://www.coreinfrastructure.org/blogs/securing-network-time/}},
}

@techreport{RFC7344,
	author = {W. Kumari and O. Gudmundsson and G. Barwood},
	title = {Automating DNSSEC Delegation Trust Maintenance},
	howpublished = {Internet Requests for Comments},
	type = {RFC},
	number = {7344},
	year = {2014},
	month = {September},
	issn = {2070-1721},
	publisher = {RFC Editor},
	institution = {RFC Editor},
}

@techreport{RFC8078,
	author = {O. Gudmundsson and P. Wouters},
	title = {Managing DS Records from the Parent via CDS/CDNSKEY},
	howpublished = {Internet Requests for Comments},
	type = {RFC},
	number = {8078},
	year = {2017},
	month = {March},
	issn = {2070-1721},
	publisher = {RFC Editor},
	institution = {RFC Editor},
}
